!TRNS	TRNSID	TRNSTYPE	DATE	ACCNT	NAME	CLASS	AMOUNT	DOCNUM	MEMO	CLEAR	TOPRINT	NAMEISTAXABLE	ADDR1	ADDR2	ADDR3	ADDR4	ADDR5	DUEDATE	TERMS
!SPL	SPLID	TRNSTYPE	DATE	ACCNT	NAME	CLASS	AMOUNT	DOCNUM	MEMO	CLEAR	QNTY	PRICE	INVITEM	PAYMETH	TAXABLE	VALADJ	REIMBEXP	SERVICEDATE	OTHER2
!ENDTRNS																			
TRNS		CASH SALE	7/16/98	Undeposited Funds	"Madsen, Joe:Kitchen"		1969.98	1		N	Y	N						7/16/98	
SPL		CASH SALE	7/16/98	Construction:Labor			-35		Removal Labor	N		35	Removal		N	N	NOTHING	0/0/0	
SPL		CASH SALE	7/16/98	Construction:Materials			-1899.98		Custom made counter top	N		1899.98	Counter		Y	N	NOTHING	0/0/0	
SPL		CASH SALE	7/16/98	Construction:Labor			-35		Installation labor	N		35	Installation		N	N	NOTHING	0/0/0	
ENDTRNS																			
